@book{Said1993,
    title = {Culture and Imperialism},
    author = {Edward W. Said},
    year = {1993},
    publisher = {Vintage Books},
    keywords = {secondary}
}

@book{Said1979,
    title = {Orientalism},
    author = {Edward W. Said},
    year = {1979},
    publisher = {Vintage Books},
    keywords = {primary}
}

@book{Nayar,
    title = {Postcolonial Literature: An Introduction},
    author = {Pramod K. Nayar},
    year = {2008},
    publisher = {Pearson Education India},
    keywords = {primary}
}

@book{TalwarShashi,
    title = {Arundhati Royâ€™s The God of Small Things: Critique and Commentary},
    author = {Bala Talwar and R. S. Shashi},
    year = {1998},
    publisher = {Creative Books},
    keywords = {secondary}
}

@book{Ashcroft,
    title = {The Post-colonial Studies Reader},
    author = {Bill Ashcroft},
    year = {1995},
    publisher = {Routledge},
    keywords = {primary}
}

@online{Abraham,
    author = "Vinu Abraham",
    title = "Ayemenem country",
    day={26},
    month={10},
    year = {1997},
    url = "http://www.theweek.in/features/society/ayemenem-country.html",
    addendum = "(accessed: 10.02.2018)",
    keywords = {online}
}

@book{Gandhi1998,
    author = {Leela Gandhi},
    title = {Postcolonial Theory: A Critical Introduction},
    year = {1998},
    publisher = {Columbia University Press},
    keywords = {primary}
}

@book{Griffiths1989,
    title = {The Empire Writes Back: Theory \& Practice in Post-Colonial Studies},
    author = {Gareth Griffiths and Helen Tiffin and Bill Ashcroft},
    year = {1989},
    publisher = {Routledge},
    keywords = {secondary}
}
